

@book{Best:1997,
    Author = {Roland E. Best},
    Publisher = {McGraw-Hill},
    Title = {{Phase-Locked Loops: Design, Simulation, and Applications}},
    Year = {1997},
    Edition = {3} }
